
%% Examples %%
@MISC{testBranch,
author = {SW601F13},
title = {GIRAF - Admin: The test version},
howpublished = {Website},
year = {May 2013},
note ={\url{https://github.com/Zucka/girafAdmin/tree/46e19108a6ca0413e25426212552ac6da99b8962}}
}

@manual{phpqrcode,
  author ={Dominik Dzienia},
  title ={PHP QR Code},
  address={URL: \url{http://phpqrcode.sourceforge.net/}},
  year ={2010},
  note ={Looked up: 20-05-2013},
}

%% End of Examples %%

@MISC{childrenAndNature,
author = {Children & Nature Network},
title = {Children and Nature},
howpublished = {Website},
year = {September 2013},
note ={\url{http://www.childrenandnature.org/}}
}

@MISC{leaveNoChildInside,
author = {Susan Clayton, Ph.D.},
title = {Leave No Child Inside},
howpublished = {Website},
year = {September 2013},
note ={\url{http://www.psychologytoday.com/blog/being-green/201204/leave-no-child-inside}}
}

@MISC{micasaverde,
author = {Mi Casa Verde},
title = {Mi Casa Verde},
howpublished = {Website},
year = {September 2013},
note ={\url{http://www.micasaverde.com/}}
}